@article{Borrelli2021,
    author          = {Borrelli, Pablo and Kaboteh, Reza and Enqvist, Olof and others},
    title           = {Artificial intelligence-aided CT segmentation for body composition analysis: a validation study},
    journaltitle    = {European Radiology Experimental},
    date            = {2021},
    month           = {3},
    volume          = {5},
    number          = {1},
    pages           = {11},
    publisher       = {Springer},
    issn            = {2509-9280},
    doi             = {10.1186/s41747-021-00210-8},
    url             = {https://doi.org/10.1186/s41747-021-00210-8},
}

@article{Coursey2010,
    author          = {Coursey, Courtney A. and Nelson, Rendon C. and Boll, Daniel T. and others},
    title           = {Dual-Energy Multidetector CT: How Does It Work, What Can It Tell Us, and When Can We Use It in Abdominopelvic Imaging?},
    journaltitle    = {RadioGraphics},
    volume          = {30},
    number          = {4},
    pages           = {1037-1055},
    date            = {2010},
    month           = {7},
    organization    = {Radiological Society of North America},
    issn            = {1527-1323},
    doi             = {10.1148/rg.304095175},
    url             = {https://doi.org/10.1148/rg.304095175},
}

@article{Franzoi2020,
    author          = {Franzoi, Maria Alice and Vandeputte, Caroline and Eiger, Daniel and others},
    title           = {Computed tomography-based analyses of baseline body composition parameters and changes in breast cancer patients under treatment with CDK 4/6 inhibitors},
    journaltitle    = {Breast Cancer Research and Treatment},
    date            = {2020},
    month           = {5},
    volume          = {181},
    number          = {1},
    pages           = {199-209},
    publisher       = {Springer},
    issn            = {1573-7217},
    doi             = {10.1007/s10549-020-05617-2},
    url             = {https://doi.org/10.1007/s10549-020-05617-2},
}

@article{Fuchs2018,
    author          = {Fuchs, Georg and Chretien, Yves R. and Mario, Julia and others},
    title           = {Quantifying the effect of slice thickness, intravenous contrast and tube current on muscle segmentation: Implications for body composition analysis},
    journaltitle    = {European Radiology},
    date            = {2018},
    month           = {6},
    volume          = {28},
    number          = {6},
    pages           = {2455-2463},
    publisher       = {Springer},
    issn            = {1432-1084},
    doi             = {10.1007/s00330-017-5191-3},
    url             = {https://doi.org/10.1007/s00330-017-5191-3},
}

@article{Hemke2020,
    author          = {Hemke, Robert and Buckless, Colleen G. and Tsao, Andrew and others},
    title           = {Deep learning for automated segmentation of pelvic muscles, fat, and bone from CT studies for body composition assessment},
    journaltitle    = {Skeletal Radiology},
    date            = {2020},
    month           = {3},
    volume          = {49},
    number          = {3},
    pages           = {387-395},
    publisher       = {Springer},
    issn            = {1432-2161},
    doi             = {10.1007/s00256-019-03289-8},
    url             = {https://doi.org/10.1007/s00256-019-03289-8},
}

@article{Ma2021,
    author          = {Ma, Da and Chow, Vincent and Popuri, Karteek and Beg, Mirza Faisal},
    title           = {Comprehensive Validation of Automated Whole Body Skeletal Muscle, Adipose Tissue, and Bone Segmentation from 3D CT images for Body Composition Analysis: Towards Extended Body Composition},
    journaltitle    = {CoRR},
    volume          = {abs/2106.00652},
    date            = {2021},
    url             = {https://arxiv.org/abs/2106.00652},
    eprint          = {2106.00652},
    archivePrefix   = {arXiv},
    primaryClass    = {cs.CV}
}

@article{Magri2019,
    author          = {Magri, Valentina and Gottfried, Teodor and Di Segni, Mattia and others},
    title           = {Correlation of body composition by computerized tomography and metabolic parameters with survival of nivolumab-treated lung cancer patients},
    journaltitle    = {Cancer Management and Research},
    date            = {2019},
    month           = {9},
    volume          = {11},
    pages           = {8201-8207},
    publisher       = {Dove Medical Press},
    issn            = {1179-1322},
    doi             = {10.2147/CMAR.S210958},
    url             = {https://doi.org/10.2147/CMAR.S210958},
}

@article{Magudia2021,
    author          = {Magudia, Kirti and Bridge, Christopher P. and Bay, Camden P. and others},
    title           = {Population-Scale CT-based Body Composition Analysis of a Large Outpatient Population Using Deep Learning to Derive Age-, Sex-, and Race-specific Reference Curves},
    journaltitle    = {Radiology},
    volume          = {298},
    number          = {2},
    pages           = {319-329},
    date            = {2021},
    month           = {3},
    organization    = {Radiological Society of North America},
    issn            = {1527-1315},
    doi             = {10.1148/radiol.2020201640},
    url             = {https://doi.org/10.1148/radiol.2020201640},
}

@article{Morsbach2019,
    title           = {Body composition evaluation with computed tomography: Contrast media and slice thickness cause methodological errors},
    journaltitle    = {Nutrition},
    volume          = {59},
    pages           = {50-55},
    date            = {2019},
    month           = {3},
    publisher       = {Elsevier},
    issn            = {0899-9007},
    doi             = {10.1016/j.nut.2018.08.001},
    url             = {https://doi.org/10.1016/j.nut.2018.08.001},
    author          = {Morsbach, Fabian and Zhang, Yi-Hua and Martin, Lena and others},
}

@article{Murray2017,
    author          = {Murray, Timothy {\'E}. and Williams, David and Lee, Michael J.},
    title           = {Osteoporosis, obesity, and sarcopenia on abdominal CT: a review of epidemiology, diagnostic criteria, and management strategies for the reporting radiologist},
    journaltitle    = {Abdominal Radiology},
    date            = {2017},
    month           = {9},
    volume          = {42},
    number          = {9},
    pages           = {2376-2386},
    publisher       = {Springer},
    issn            = {2366-0058},
    doi             = {10.1007/s00261-017-1124-5},
    url             = {https://doi.org/10.1007/s00261-017-1124-5},
}

@article{Perez2021,
    author          = {Perez, Alberto A. and Pickhardt, Perry J. and Elton, Daniel C. and others},
    title           = {Fully automated CT imaging biomarkers of bone, muscle, and fat: correcting for the effect of intravenous contrast},
    journaltitle    = {Abdominal Radiology},
    date            = {2021},
    month           = {3},
    volume          = {46},
    number          = {3},
    pages           = {1229-1235},
    publisher       = {Springer},
    issn            = {2366-0058},
    doi             = {10.1007/s00261-020-02755-5},
    url             = {https://doi.org/10.1007/s00261-020-02755-5},
}


@article{Pickhardt2021,
    author          = {Pickhardt, Perry J. and Graffy, Peter M. and Perez, Alberto A. and others},
    title           = {Opportunistic Screening at Abdominal CT: Use of Automated Body Composition Biomarkers for Added Cardiometabolic Value},
    journaltitle    = {RadioGraphics},
    volume          = {41},
    number          = {2},
    pages           = {524-542},
    date            = {2021},
    month           = {3},
    organization    = {Radiological Society of North America},
    issn            = {1527-1323},
    doi             = {10.1148/rg.2021200056},
    url             = {https://doi.org/10.1148/rg.2021200056},
}

@article{Prado2008,
    title           = {Prevalence and clinical implications of sarcopenic obesity in patients with solid tumours of the respiratory and gastrointestinal tracts: a population-based study},
    journaltitle    = {The Lancet Oncology},
    volume          = {9},
    number          = {7},
    pages           = {629-635},
    date            = {2008},
    month           = {7},
    publisher       = {Elsevier},
    issn            = {1470-2045},
    doi             = {10.1016/S1470-2045(08)70153-0},
    url             = {https://doi.org/10.1016/S1470-2045(08)70153-0},
    author          = {Prado, Carla M.M. and Lieffers, Jessica R. and McCargar, Linda J. and others},
}

@article{Sharma2010,
    author          = {Sharma, Neeraj and Aggarwal, Lalit},
    title           = {Automated medical image segmentation techniques},
    journaltitle    = {Journal of Medical Physics},
    volume          = {35},
    number          = {1},
    pages           = {3-14},
    date            = {2010},
    month           = {1},
    doi             = {10.4103/0971-6203.58777},
    url             = {https://doi.org/10.4103/0971-6203.58777},
}

@article{Troschel2021,
    author          = {Troschel, Amelie S. and Troschel, Fabian M. and Fuchs, Georg and others},
    title           = {Significance of Acquisition Parameters for Adipose Tissue Segmentation on CT Images},
    journaltitle    = {American Journal of Roentgenology},
    volume          = {217},
    number          = {1},
    pages           = {177-185},
    date            = {2021},
    month           = {7},
    organization    = {American Roentgen Ray Society},
    issn            = {1546-3141},
    doi             = {10.2214/AJR.20.23280},
    url             = {https://doi.org/10.2214/AJR.20.23280},
}

@article{vanVugt2018,
    title           = {Contrast-enhancement influences skeletal muscle density, but not skeletal muscle mass, measurements on computed tomography},
    journaltitle    = {Clinical Nutrition},
    volume          = {37},
    number          = {5},
    pages           = {1707-1714},
    date            = {2018},
    month           = {10},
    publisher       = {Elsevier},
    issn            = {0261-5614},
    doi             = {10.1016/j.clnu.2017.07.007},
    url             = {https://doi.org/10.1016/j.clnu.2017.07.007},
    author          = {van Vugt, Jeroen L.A. and Coebergh van den Braak, Robert R.J. and Schippers, Henk J.W. and others},
}

@article{deGara2015,
    author          = {de Gara, Chris},
    date            = {2015},
    month           = {4},
    title           = {Bariatric Revision Surgery: The Cost of Doing Business},
    volume          = {39},
    pages           = {S7},
    journaltitle    = {Canadian Journal of Diabetes},
    publisher       = {Elsevier},
    doi             = {10.1016/j.jcjd.2015.01.037},
    url             = {https://doi.org/10.1016/j.jcjd.2015.01.037},
}

@article{Miyatake2004,
    title           = {Relationship between visceral fat accumulation and physical fitness in Japanese women},
    journaltitle    = {Diabetes Research and Clinical Practice},
    volume          = {64},
    number          = {3},
    pages           = {173-179},
    date            = {2004},
    month           = {6},
    publisher       = {Elsevier},
    issn            = {0168-8227},
    doi             = {10.1016/j.diabres.2003.11.004},
    url             = {https://doi.org/10.1016/j.diabres.2003.11.004},
    author          = {Miyatake, Nobuyuki and  Takanami, Sumiko and Kawasaki, Yuriko and Fujii, Masafumi},
}

@article{Rankinen1999,
    author          = {Rankinen, T. and Kim, S.Y. and P{\'e}russe, L. and others},
    title           = {The prediction of abdominal visceral fat level from body composition and anthropometry: ROC analysis},
    journaltitle    = {International Journal of Obesity},
    date            = {1999},
    month           = {8},
    volume          = {23},
    number          = {8},
    pages           = {801-809},
    publisher       = {Nature},
    issn            = {1476-5497},
    doi             = {10.1038/sj.ijo.0800929},
    url             = {https://doi.org/10.1038/sj.ijo.0800929},
}

@article{Cruz-Jentoft2010,
    author          = {Cruz-Jentoft, Alfonso J. and Baeyens, Jean Pierre and Bauer, Jürgen M. and others},
    title           = {Sarcopenia: European consensus on definition and diagnosis: Report of the European Working Group on Sarcopenia in Older People},
    journal         = {Age and Ageing},
    volume          = {39},
    number          = {4},
    pages           = {412-423},
    date            = {2010},
    month           = {4},
    publisher       = {Oxford University Press},
    issn            = {0002-0729},
    doi             = {10.1093/ageing/afq034},
    url             = {https://doi.org/10.1093/ageing/afq034},
}

@article{Janssen2000,
    author          = {Janssen, Ian and Heymsfield, Steven B. and Baumgartner, Richard N. and Ross, Robert},
    title           = {Estimation of skeletal muscle mass by bioelectrical impedance analysis},
    journaltitle    = {Journal of Applied Physiology},
    volume          = {89},
    number          = {2},
    pages           = {465-471},
    date            = {2000},
    month           = {8},
    organization    = {American Physiological Society},
    doi             = {10.1152/jappl.2000.89.2.465},
    url             = {https://doi.org/10.1152/jappl.2000.89.2.465},
}

@article{Camoriano1990,
    author          = {Camoriano, J. K. and Loprinzi, C. L. and Ingle, J. N. and others},
    title           = {Weight change in women treated with adjuvant therapy or observed following mastectomy for node-positive breast cancer},
    journaltitle = {Journal of Clinical Oncology},
    volume          = {8},
    number          = {8},
    pages           = {1327-1334},
    date            = {1990},
    month           = {8},
    organization    = {American Society of Clinical Oncology},
    doi             = {10.1200/JCO.1990.8.8.1327},
    url             = {https://doi.org/10.1200/JCO.1990.8.8.1327},
}

@article{Troschel2020,
    author          = {Troschel, Amelie S. and Troschel, Fabian M. and Best, Till D. and others},
    title           = {Computed Tomography-based Body Composition Analysis and Its Role in Lung Cancer Care},
    journaltitle    = {Journal of Thoracic Imaging},
    date            = {2020},
    month           = {3},
    volume          = {35},
    number          = {2},
    pages           = {91-100},
    organization    = {Society of Thoracic Radiology},
    doi             = {10.1097/RTI.0000000000000428},
    url             = {https://doi.org/10.1097/RTI.0000000000000428},
}

@article{Reinders2015,
    author          = {Reinders, Ilse and Murphy, Rachel A. and Brouwer, Ingeborg A. and others},
    title           = {Muscle Quality and Myosteatosis: Novel Associations With Mortality Risk: The Age, Gene/Environment Susceptibility (AGES)-Reykjavik Study},
    journaltitle    = {American Journal of Epidemiology},
    volume          = {183},
    number          = {1},
    pages           = {53-60},
    date            = {2015},
    month           = {12},
    publisher       = {Oxford Univerity Press},
    organization    = {Society fo Epidemiologic Research},
    issn            = {1476-6256},
    doi             = {10.1093/aje/kwv153},
    url             = {https://doi.org/10.1093/aje/kwv153},
}

@article{Goodpaster2000,
    author          = {Goodpaster, Bret H. and Thaete, F. Leland and Kelley, David E.},
    title           = {Thigh adipose tissue distribution is associated with insulin resistance in obesity and in type 2 diabetes mellitus},
    journaltitle    = {The American Journal of Clinical Nutrition},
    volume          = {71},
    number          = {4},
    pages           = {885-892},
    date            = {2000},
    month           = {4},
    publisher       = {Oxford University Press},
    organization    = {American Society for Nutrition},
    issn            = {1938-3207},
    doi             = {10.1093/ajcn/71.4.885},
    url             = {https://doi.org/10.1093/ajcn/71.4.885},
}

@article{Fujiwara2015,
    author          = {Fujiwara, Naoto and Nakagawa, Hayato and Kudo, Yotaro and others},
    title           = {Sarcopenia, intramuscular fat deposition, and visceral adiposity independently predict the outcomes of hepatocellular carcinoma},
    journaltitle    = {Journal of Hepatology},
    year            = {2015},
    month           = {7},
    publisher       = {Elsevier},
    organization    = {European Association for the Study of the Liver},
    volume          = {63},
    number          = {1},
    pages           = {131-140},
    issn            = {0168-8278},
    doi             = {10.1016/j.jhep.2015.02.031},
    url             = {https://doi.org/10.1016/j.jhep.2015.02.031},
}

@article{Nattenmüller2017,
    author          = {Nattenm{\"u}ller, Johanna and Wochner, Raoul and Muley, Thomas and others},
    title           = {Prognostic Impact of CT-Quantified Muscle and Fat Distribution before and after First-Line-Chemotherapy in Lung Cancer Patients},
    journaltitle    = {PloS one},
    date            = {2017},
    month           = {1},
    publisher       = {Public Library of Science},
    volume          = {12},
    number          = {1},
    pages           = {e0169136},
    issn            = {1932-6203},
    doi             = {10.1371/journal.pone.0169136},
    url             = {https://doi.org/10.1371/journal.pone.0169136},
}

@article{Shen2004,
    author          = {Shen, Wei and Punyanitya, Mark and Wang, ZiMian and others},
    title           = {Total body skeletal muscle and adipose tissue volumes: estimation from a single abdominal cross-sectional image},
    journaltitle    = {Journal of Applied Physiology},
    volume          = {97},
    number          = {6},
    pages           = {2333-2338},
    date            = {2004},
    month           = {12},
    organization    = {American Physiological Society},
    doi             = {10.1152/japplphysiol.00744.2004},
    url             = {https://doi.org/10.1152/japplphysiol.00744.2004},
}

@article{Oka2008,
    title           = {Reassessment of the cutoff values of waist circumference and visceral fat area for identifying Japanese subjects at risk for the metabolic syndrome},
    journaltitle    = {Diabetes Research and Clinical Practice},
    volume          = {79},
    number          = {3},
    pages           = {474-481},
    date            = {2008},
    month           = {3},
    publisher       = {Elsevier},
    issn            = {0168-8227},
    doi             = {10.1016/j.diabres.2007.10.016},
    url             = {https://doi.org/10.1016/j.diabres.2007.10.016},
    author          = {Oka, Rie and Kobayashi, Junji and Yagi, Kunimasa and others},
}

@article{Humadi2010,
    author          = {Humadi, Ali and Alhadithi, Rajit H. and Alkudiari, Sabhan I.},
    title           = {Validity of the DEXA diagnosis of involutional osteoporosis in patients with femoral neck fractures},
    journaltitle    = {Indian Journal of Orthopaedics},
    date            = {2010},
    month           = {1},
    publisher       = {Medknow Publications},
    volume          = {44},
    number          = {1},
    pages           = {73-78},
    issn            = {1998-3727},
    doi             = {10.4103/0019-5413.58609},
    url             = {https://doi.org/10.4103/0019-5413.58609},
}

@article{Goel2010,
    author          = {Goel, Manish Kumar and Khanna, Pardeep and Kishore, Jugal},
    title           = {Understanding survival analysis: Kaplan-Meier estimate},
    journaltitle    = {International Journal of Ayurveda Research},
    date            = {2010},
    month           = {10},
    publisher       = {Medknow Publications {\&} Media},
    volume          = {1},
    number          = {4},
    pages           = {274-278},
    issn            = {0974-925X},
    doi             = {10.4103/0974-7788.76794},
    url             = {https://doi.org/10.4103/0974-7788.76794},
}

@article{Rich2010,
    author          = {Rich, Jason T. and Neely, J. Gail and Paniello, Randal C. and others},
    title           = {A practical guide to understanding Kaplan-Meier curves},
    journaltitle    = {Otolaryngology-Head and Neck Surgery},
    date            = {2010},
    month           = {9},
    volume          = {143},
    number          = {3},
    pages           = {331-336},
    issn            = {1097-6817},
    organization    = {American Academy of Otolaryngology-Head and Neck Surgery},
    doi             = {10.1016/j.otohns.2010.05.007},
    url             = {https://doi.org/10.1016/j.otohns.2010.05.007},
}

@article{Jager2008,
    author          = {Jager, Kitty J. and van Dijk, Paul C. and Zoccali, Carmine and Dekker, Friedo W.},
    title           = {The analysis of survival data: the Kaplan-Meier method},
    journaltitle    = {Kidney International},
    date            = {2008},
    month           = {9},
    publisher       = {Elsevier},
    volume          = {74},
    number          = {5},
    pages           = {560-565},
    organization    = {International Society of Nephrology},
    issn            = {0085-2538},
    doi             = {10.1038/ki.2008.217},
    url             = {https://doi.org/10.1038/ki.2008.217},
}

@article{Provenzano2013,
    author          = {Provenzano, Fabio and D'Arrigo, Graziella and Zoccali, Carmine and Tripepi, Giovanni},
    title           = {La regressione di Cox},
    journaltitle    = {Giornale italiano di nefrologia},
    date            = {2013},
    volume          = {28},
    number          = {3},
    pages           = {319-322},
    organization    = {Società italiana di nefrologia},
    issn            = {0393-5590},
    url             = {http://www.nephromeet.com/web/eventi/GIN/dl/storico/2011/3/pp._319-322_PROVENZANO_master.pdf},
}

@article{vanDijk2008,
    title           = {The analysis of survival data in nephrology: basic concepts and methods of Cox regression},
    journaltitle    = {Kidney International},
    volume          = {74},
    number          = {6},
    pages           = {705-709},
    date            = {2008},
    issn            = {0085-2538},
    publisher       = {Elsevier},
    organization    = {International Society of Nephrology},
    doi             = {10.1038/ki.2008.294},
    url             = {https://doi.org/10.1038/ki.2008.294},
    author          = {van Dijk, Paul C. and Jager, Kitty J. and Zwinderman, Aeilko H. and others},
}

@article{Giavarina2015,
    title           = {Understanding Bland Altman analysis},
    journaltitle    = {Biochemia Medica},
    volume          = {25},
    number          = {2},
    pages           = {141-151},
    date            = {2015},
    issn            = {1846-7482},
    organization    = {Croatian Society of Medical Biochemistry and Laboratory Medicine},
    doi             = {10.11613/issn.1846-7482},
    url             = {https://doi.org/10.11613/issn.1846-7482},
    author          = {Giavarina, Davide},
}

@article{Franco2017,
    author          = {Franco, Francesco and Di Napoli, Anteo},
    title           = {Valutazione della concordanza tra misurazioni di caratteri di tipo quantitativo: il metodo di Bland-Altman},
    journaltitle    = {Giornale di tecniche nefrologiche e dialitiche},
    volume          = {29},
    number          = {1},
    pages           = {59-61},
    date            = {2017},
    issn            = {0394-9362},
    doi             = {10.5301/GTND.2017.16651},
    url             = {https://doi.org/10.5301/GTND.2017.16651},
}

@article{Udovicic2007,
    author          = {Udovi\v{c}i\'{c}, Martina and Ba\v{z}dari\'{c} Ksenija and Bili\'{c}-Zulle, Lidija and Petrove\v{c}ki, Mladen},
    title           = {What we need to know when calculating the coefficient of correlation?},
    journaltitle    = {Biochemia medica},
    volume          = {17},
    number          = {1},
    pages           = {10-15},
    date            = {2007},
    organization    = {Croatian Society of Medical Biochemistry and Laboratory Medicine},
    issn            = {1846-7482},
    doi             = {10.11613/BM.2007.002},
    url             = {https://doi.org/10.11613/BM.2007.002},
}

@article{BlandAltman,
    title           = {Statistical methods for assessing agreement between two methods of clinical measurement},
    journaltitle    = {International Journal of Nursing Studies},
    volume          = {47},
    number          = {8},
    pages           = {931-936},
    date            = {2010},
    publisher       = {Elsevier},
    issn            = {0020-7489},
    doi             = {10.1016/j.ijnurstu.2009.10.001},
    url             = {https://doi.org/10.1016/j.ijnurstu.2009.10.001},
    author          = {Bland, J. Martin and Altman, Douglas G.},
}

@article{Weinfurt2010,
    author          = {Weinfurt, Phillip},
    title           = {Biomedical Technology Assessment: The 3Q Method},
    journaltitle    = {Synthesis Lectures on Biomedical Engineering},
    volume          = {5},
    number          = {1},
    pages           = {16-18},
    date            = {2010},
    issn            = {1930-0336},
    doi             = {10.2200/S00256ED1V01Y201002BME033},
    url             = {https://doi.org/10.2200/S00256ED1V01Y201002BME033},
}

@book{szklo,
    author          = {Szklo, Moyses and Nieto, F. Javier},
    title           = {Epidemiology: Beyond the Basics},
    date            = {2014},
    publisher       = {Jones \& Bartlett Learning},
    location        = {Burlington, MA},
    edition         = {3},
    isbn            = {978-1-4496-0469-1},
}

@book{bushberg,
    author          = {Bushberg, Jerrold T. and Seibert, J. Anthony and Leidholdt, JR, Edwin M. and Boone, John M.},
    title           = {The Essential Physics of Medical Imaging},
    date            = {2012},
    publisher       = {Lippincott Williams \& Wilkins},
    location        = {Philadephia},
    edition         = {3},
    isbn            = {978-0-7817-8057-5},
}

@book{gonzalez,
    author          = {Gonzalez, Rafael C. and Woods, Richard E.},
    title           = {Digital Image Processing},
    date            = {2018},
    publisher       = {Pearson},
    location        = {New York},
    edition         = {4},
    isbn            = {0-13-335672-8},
}

@book{iaea,
    title           = {Dual Energy X Ray Absorptiometry for Bone Mineral Density and Body Composition Assessment},
    series          = {Human Health Series},
    number          = {15},
    date            = {2011},
    isbn            = {978-92-0-110610-0},
    organization    = {International Atomic Energy Agency},
    location        = {Vienna},
}

@book{passariello,
    author          = {Passariello, Roberto and Simonetti, Giovanni},
    title           = {Compendio di radiologia},
    date            = {2010},
    publisher       = {Idelson Gnocchi},
    isbn            = {978-88-7947-515-0},
}

@book{altman,
    author          = {Altman, Douglas G.},
    title           = {Practical Statistics for Medical Research},
    date            = {1992},
    publisher       = {Chapman \& Hall},
    isbn            = {9780412276309},
    location        = {London},
}

@book{bishop,
    author          = {Bishop, Christopher M.},
    title           = {Pattern Recognition and Machine Learning},
    date            = {2006},
    publisher       = {Springer},
    location        = {Berlin},
    isbn            = {978-0387-31073-2},
}

@online{segmentation,
    title           = {Image segmentation},
    url             = {https://en.wikipedia.org/wiki/Image_segmentation},
    urlyear         = {07/11/2021},
}

@online{wiki:rete,
    title           = {Rete neurale artificiale},
    url             = {https://it.wikipedia.org/wiki/Rete_neurale_artificiale},
    urlyear         = {17/11/2021},
}

@online{wiki:CNN,
    title           = {Convolutional neural network},
    url             = {https://en.wikipedia.org/wiki/Convolutional_neural_network},
    urlyear         = {17/11/2021},
}

@online{wiki:unet,
    title           = {U-Net},
    url             = {https://en.wikipedia.org/wiki/U-Net},
    urlyear         = {17/11/2021},
}

@online{pfs,
    title           = {Progression-free survival},
    urlyear         = {07/11/2021},
    url             = {https://www.cancer.gov/publications/dictionaries/cancer-terms/def/progression-free-survival?redirect=true},
    organization    = {National Cancer Institute},
}

@online{aimac,
    title           = {Perdita di peso nei malati oncologici},
    urlyear         = {07/11/2021},
    url             = {https://www.aimac.it/libretti-tumore/nutrizione-malato-cancro/la-perdita-di-peso},
    organization    = {Associazione italiana malati di cancro},
}

@online{recomia,
    title           = {Research Consortium for Medical Image Analysis (RECOMIA)},
    url             = {https://www.recomia.org},
}

@online{dice,
    title           = {S{\o}rensen-Dice coefficient},
    urlyear         = {07/11/2021},
    url             = {https://en.wikipedia.org/wiki/S\%C3\%B8rensen\%E2\%80\%93Dice_coefficient},
}

@online{sets,
    title           = {Training, validation and test sets},
    urlyear         = {07/11/2021},
    url             = {https://en.wikipedia.org/wiki/Training,_validation,_and_test_sets},
}

@online{contrast,
    title           = {Constrast materials},
    urlyear         = {07/11/2021},
    url             = {https://www.radiologyinfo.org/en/info/safety-contrast},
}

@online{porta,
    title           = {Portal vein},
    urlyear         = {07/11/2021},
    url             = {https://en.wikipedia.org/wiki/Portal_vein},
}

@online{voronoi,
    title           = {DAFS},
    url             = {https://www.voronoihealthanalytics.com/dafs-platform},
    organization    = {Voronoi Health Analytics},
}

@online{wiki:fantoccio,
   title            = {Image of trabecular bone of the spine by Quantitative computed tomography --- Wikimedia Commons{,} the free media repository},
   date             = {2020},
   url              = {https://commons.wikimedia.org/w/index.php?title=File:Image_of_trabecular_bone_of_the_spine_by_Quantitative_computed_tomography.jpg&oldid=472382969},
   urlyear          = {08/11/2021},
}
 
@online{siommms,
   title            = {Come si diagnostica l'osteoporosi?},
   organization     = {Società italiana dell'osteoporosi, del metabolismo minerale e delle malattie dello scheletro},
   url              = {https://www.siommms.it/come-si-diagnostica-losteoporosi/},
   urlyear          = {13/11/2021},
}

@online{wiki:rischio,
   title            = {Rapporto di rischio},
   url              = {https://it.wikipedia.org/wiki/Rapporto_di_rischio},
   urlyear          = {16/11/2021},
}

@online{wiki:feature,
   title            = {Caratteristica (apprendimento automatico)},
   url              = {https://it.wikipedia.org/wiki/Caratteristica_(apprendimento_automatico)},
   urlyear          = {17/11/2021},
}

@thesis{LaRosa,
    author      = {La Rosa, Francesco},
    title       = {A deep learning approach to bone segmentation in CT scans},
    type        = {tesi sperimentale},
    institution = {Università di Bologna},
    date        = {2017},
    url         = {http://amslaurea.unibo.it/14561/},
}

